%YAML 1.1
%TAG !u! tag:unity3d.com,2011:
--- !u!1 &695280113554656069
GameObject:
  m_ObjectHideFlags: 0
  m_CorrespondingSourceObject: {fileID: 0}
  m_PrefabInstance: {fileID: 0}
  m_PrefabAsset: {fileID: 0}
  serializedVersion: 6
  m_Component:
  - component: {fileID: 8970470425653032099}
  m_Layer: 0
  m_Name: ChainLadder
  m_TagString: Untagged
  m_Icon: {fileID: 0}
  m_NavMeshLayer: 0
  m_StaticEditorFlags: 0
  m_IsActive: 1
--- !u!4 &8970470425653032099
Transform:
  m_ObjectHideFlags: 0
  m_CorrespondingSourceObject: {fileID: 0}
  m_PrefabInstance: {fileID: 0}
  m_PrefabAsset: {fileID: 0}
  m_GameObject: {fileID: 695280113554656069}
  m_LocalRotation: {x: 0, y: 0, z: 0, w: 1}
  m_LocalPosition: {x: 0, y: 0, z: 0}
  m_LocalScale: {x: 1, y: 1, z: 1}
  m_Children:
  - {fileID: 5551035980558255010}
  - {fileID: 1432566915780365638}
  m_Father: {fileID: 0}
  m_RootOrder: 0
  m_LocalEulerAnglesHint: {x: 0, y: 0, z: 0}
--- !u!1001 &1432566915780810640
PrefabInstance:
  m_ObjectHideFlags: 0
  serializedVersion: 2
  m_Modification:
    m_TransformParent: {fileID: 8970470425653032099}
    m_Modifications:
    - target: {fileID: 105538, guid: 2178485d4c522584aa93ff4f062b058e, type: 3}
      propertyPath: m_Name
      value: SM_Prop_Chain_01
      objectReference: {fileID: 0}
    - target: {fileID: 482006, guid: 2178485d4c522584aa93ff4f062b058e, type: 3}
      propertyPath: m_LocalPosition.x
      value: -0.277
      objectReference: {fileID: 0}
    - target: {fileID: 482006, guid: 2178485d4c522584aa93ff4f062b058e, type: 3}
      propertyPath: m_LocalPosition.y
      value: 4.071
      objectReference: {fileID: 0}
    - target: {fileID: 482006, guid: 2178485d4c522584aa93ff4f062b058e, type: 3}
      propertyPath: m_LocalPosition.z
      value: 4.566
      objectReference: {fileID: 0}
    - target: {fileID: 482006, guid: 2178485d4c522584aa93ff4f062b058e, type: 3}
      propertyPath: m_LocalRotation.x
      value: -0
      objectReference: {fileID: 0}
    - target: {fileID: 482006, guid: 2178485d4c522584aa93ff4f062b058e, type: 3}
      propertyPath: m_LocalRotation.y
      value: -0
      objectReference: {fileID: 0}
    - target: {fileID: 482006, guid: 2178485d4c522584aa93ff4f062b058e, type: 3}
      propertyPath: m_LocalRotation.z
      value: -0
      objectReference: {fileID: 0}
    - target: {fileID: 482006, guid: 2178485d4c522584aa93ff4f062b058e, type: 3}
      propertyPath: m_LocalRotation.w
      value: 1
      objectReference: {fileID: 0}
    - target: {fileID: 482006, guid: 2178485d4c522584aa93ff4f062b058e, type: 3}
      propertyPath: m_RootOrder
      value: 1
      objectReference: {fileID: 0}
    - target: {fileID: 482006, guid: 2178485d4c522584aa93ff4f062b058e, type: 3}
      propertyPath: m_LocalEulerAnglesHint.x
      value: 0
      objectReference: {fileID: 0}
    - target: {fileID: 482006, guid: 2178485d4c522584aa93ff4f062b058e, type: 3}
      propertyPath: m_LocalEulerAnglesHint.y
      value: 0
      objectReference: {fileID: 0}
    - target: {fileID: 482006, guid: 2178485d4c522584aa93ff4f062b058e, type: 3}
      propertyPath: m_LocalEulerAnglesHint.z
      value: 0
      objectReference: {fileID: 0}
    - target: {fileID: 482006, guid: 2178485d4c522584aa93ff4f062b058e, type: 3}
      propertyPath: m_LocalScale.y
      value: 1.3687
      objectReference: {fileID: 0}
    m_RemovedComponents: []
  m_SourcePrefab: {fileID: 100100000, guid: 2178485d4c522584aa93ff4f062b058e, type: 3}
--- !u!4 &1432566915780365638 stripped
Transform:
  m_CorrespondingSourceObject: {fileID: 482006, guid: 2178485d4c522584aa93ff4f062b058e,
    type: 3}
  m_PrefabInstance: {fileID: 1432566915780810640}
  m_PrefabAsset: {fileID: 0}
--- !u!1001 &3362394771925424575
PrefabInstance:
  m_ObjectHideFlags: 0
  serializedVersion: 2
  m_Modification:
    m_TransformParent: {fileID: 5551035980558255010}
    m_Modifications:
    - target: {fileID: 187594, guid: dcb161f5ca573ab41ac18a8b74630ef6, type: 3}
      propertyPath: m_Name
      value: SM_Prop_Plank_01 (6)
      objectReference: {fileID: 0}
    - target: {fileID: 477968, guid: dcb161f5ca573ab41ac18a8b74630ef6, type: 3}
      propertyPath: m_LocalPosition.x
      value: 0.212
      objectReference: {fileID: 0}
    - target: {fileID: 477968, guid: dcb161f5ca573ab41ac18a8b74630ef6, type: 3}
      propertyPath: m_LocalPosition.y
      value: -0.642
      objectReference: {fileID: 0}
    - target: {fileID: 477968, guid: dcb161f5ca573ab41ac18a8b74630ef6, type: 3}
      propertyPath: m_LocalPosition.z
      value: 0.066
      objectReference: {fileID: 0}
    - target: {fileID: 477968, guid: dcb161f5ca573ab41ac18a8b74630ef6, type: 3}
      propertyPath: m_LocalRotation.x
      value: -0
      objectReference: {fileID: 0}
    - target: {fileID: 477968, guid: dcb161f5ca573ab41ac18a8b74630ef6, type: 3}
      propertyPath: m_LocalRotation.y
      value: -0.101174444
      objectReference: {fileID: 0}
    - target: {fileID: 477968, guid: dcb161f5ca573ab41ac18a8b74630ef6, type: 3}
      propertyPath: m_LocalRotation.z
      value: -0
      objectReference: {fileID: 0}
    - target: {fileID: 477968, guid: dcb161f5ca573ab41ac18a8b74630ef6, type: 3}
      propertyPath: m_LocalRotation.w
      value: 0.99486876
      objectReference: {fileID: 0}
    - target: {fileID: 477968, guid: dcb161f5ca573ab41ac18a8b74630ef6, type: 3}
      propertyPath: m_RootOrder
      value: 5
      objectReference: {fileID: 0}
    - target: {fileID: 477968, guid: dcb161f5ca573ab41ac18a8b74630ef6, type: 3}
      propertyPath: m_LocalEulerAnglesHint.x
      value: 0
      objectReference: {fileID: 0}
    - target: {fileID: 477968, guid: dcb161f5ca573ab41ac18a8b74630ef6, type: 3}
      propertyPath: m_LocalEulerAnglesHint.y
      value: -11.614
      objectReference: {fileID: 0}
    - target: {fileID: 477968, guid: dcb161f5ca573ab41ac18a8b74630ef6, type: 3}
      propertyPath: m_LocalEulerAnglesHint.z
      value: 0
      objectReference: {fileID: 0}
    - target: {fileID: 477968, guid: dcb161f5ca573ab41ac18a8b74630ef6, type: 3}
      propertyPath: m_LocalScale.x
      value: 0.2
      objectReference: {fileID: 0}
    - target: {fileID: 477968, guid: dcb161f5ca573ab41ac18a8b74630ef6, type: 3}
      propertyPath: m_LocalScale.y
      value: 0.2
      objectReference: {fileID: 0}
    - target: {fileID: 477968, guid: dcb161f5ca573ab41ac18a8b74630ef6, type: 3}
      propertyPath: m_LocalScale.z
      value: 0.2
      objectReference: {fileID: 0}
    m_RemovedComponents: []
  m_SourcePrefab: {fileID: 100100000, guid: dcb161f5ca573ab41ac18a8b74630ef6, type: 3}
--- !u!1001 &4684236350325373579
PrefabInstance:
  m_ObjectHideFlags: 0
  serializedVersion: 2
  m_Modification:
    m_TransformParent: {fileID: 5551035980558255010}
    m_Modifications:
    - target: {fileID: 187594, guid: dcb161f5ca573ab41ac18a8b74630ef6, type: 3}
      propertyPath: m_Name
      value: SM_Prop_Plank_01 (3)
      objectReference: {fileID: 0}
    - target: {fileID: 477968, guid: dcb161f5ca573ab41ac18a8b74630ef6, type: 3}
      propertyPath: m_LocalPosition.x
      value: 0.212
      objectReference: {fileID: 0}
    - target: {fileID: 477968, guid: dcb161f5ca573ab41ac18a8b74630ef6, type: 3}
      propertyPath: m_LocalPosition.y
      value: -1.737
      objectReference: {fileID: 0}
    - target: {fileID: 477968, guid: dcb161f5ca573ab41ac18a8b74630ef6, type: 3}
      propertyPath: m_LocalPosition.z
      value: 0.066
      objectReference: {fileID: 0}
    - target: {fileID: 477968, guid: dcb161f5ca573ab41ac18a8b74630ef6, type: 3}
      propertyPath: m_LocalRotation.x
      value: -0
      objectReference: {fileID: 0}
    - target: {fileID: 477968, guid: dcb161f5ca573ab41ac18a8b74630ef6, type: 3}
      propertyPath: m_LocalRotation.y
      value: -0.101174444
      objectReference: {fileID: 0}
    - target: {fileID: 477968, guid: dcb161f5ca573ab41ac18a8b74630ef6, type: 3}
      propertyPath: m_LocalRotation.z
      value: -0
      objectReference: {fileID: 0}
    - target: {fileID: 477968, guid: dcb161f5ca573ab41ac18a8b74630ef6, type: 3}
      propertyPath: m_LocalRotation.w
      value: 0.99486876
      objectReference: {fileID: 0}
    - target: {fileID: 477968, guid: dcb161f5ca573ab41ac18a8b74630ef6, type: 3}
      propertyPath: m_RootOrder
      value: 2
      objectReference: {fileID: 0}
    - target: {fileID: 477968, guid: dcb161f5ca573ab41ac18a8b74630ef6, type: 3}
      propertyPath: m_LocalEulerAnglesHint.x
      value: 0
      objectReference: {fileID: 0}
    - target: {fileID: 477968, guid: dcb161f5ca573ab41ac18a8b74630ef6, type: 3}
      propertyPath: m_LocalEulerAnglesHint.y
      value: -11.614
      objectReference: {fileID: 0}
    - target: {fileID: 477968, guid: dcb161f5ca573ab41ac18a8b74630ef6, type: 3}
      propertyPath: m_LocalEulerAnglesHint.z
      value: 0
      objectReference: {fileID: 0}
    - target: {fileID: 477968, guid: dcb161f5ca573ab41ac18a8b74630ef6, type: 3}
      propertyPath: m_LocalScale.x
      value: 0.2
      objectReference: {fileID: 0}
    - target: {fileID: 477968, guid: dcb161f5ca573ab41ac18a8b74630ef6, type: 3}
      propertyPath: m_LocalScale.y
      value: 0.2
      objectReference: {fileID: 0}
    - target: {fileID: 477968, guid: dcb161f5ca573ab41ac18a8b74630ef6, type: 3}
      propertyPath: m_LocalScale.z
      value: 0.2
      objectReference: {fileID: 0}
    m_RemovedComponents: []
  m_SourcePrefab: {fileID: 100100000, guid: dcb161f5ca573ab41ac18a8b74630ef6, type: 3}
--- !u!1001 &5551035980557916532
PrefabInstance:
  m_ObjectHideFlags: 0
  serializedVersion: 2
  m_Modification:
    m_TransformParent: {fileID: 8970470425653032099}
    m_Modifications:
    - target: {fileID: 105538, guid: 2178485d4c522584aa93ff4f062b058e, type: 3}
      propertyPath: m_Name
      value: SM_Prop_Chain_01 (1)
      objectReference: {fileID: 0}
    - target: {fileID: 482006, guid: 2178485d4c522584aa93ff4f062b058e, type: 3}
      propertyPath: m_LocalPosition.x
      value: -0.277
      objectReference: {fileID: 0}
    - target: {fileID: 482006, guid: 2178485d4c522584aa93ff4f062b058e, type: 3}
      propertyPath: m_LocalPosition.y
      value: 4.071
      objectReference: {fileID: 0}
    - target: {fileID: 482006, guid: 2178485d4c522584aa93ff4f062b058e, type: 3}
      propertyPath: m_LocalPosition.z
      value: 4.119
      objectReference: {fileID: 0}
    - target: {fileID: 482006, guid: 2178485d4c522584aa93ff4f062b058e, type: 3}
      propertyPath: m_LocalRotation.x
      value: -0
      objectReference: {fileID: 0}
    - target: {fileID: 482006, guid: 2178485d4c522584aa93ff4f062b058e, type: 3}
      propertyPath: m_LocalRotation.y
      value: -0.6209573
      objectReference: {fileID: 0}
    - target: {fileID: 482006, guid: 2178485d4c522584aa93ff4f062b058e, type: 3}
      propertyPath: m_LocalRotation.z
      value: -0
      objectReference: {fileID: 0}
    - target: {fileID: 482006, guid: 2178485d4c522584aa93ff4f062b058e, type: 3}
      propertyPath: m_LocalRotation.w
      value: 0.7838444
      objectReference: {fileID: 0}
    - target: {fileID: 482006, guid: 2178485d4c522584aa93ff4f062b058e, type: 3}
      propertyPath: m_RootOrder
      value: 0
      objectReference: {fileID: 0}
    - target: {fileID: 482006, guid: 2178485d4c522584aa93ff4f062b058e, type: 3}
      propertyPath: m_LocalEulerAnglesHint.x
      value: 0
      objectReference: {fileID: 0}
    - target: {fileID: 482006, guid: 2178485d4c522584aa93ff4f062b058e, type: 3}
      propertyPath: m_LocalEulerAnglesHint.y
      value: -76.772
      objectReference: {fileID: 0}
    - target: {fileID: 482006, guid: 2178485d4c522584aa93ff4f062b058e, type: 3}
      propertyPath: m_LocalEulerAnglesHint.z
      value: 0
      objectReference: {fileID: 0}
    - target: {fileID: 482006, guid: 2178485d4c522584aa93ff4f062b058e, type: 3}
      propertyPath: m_LocalScale.y
      value: 1.3687
      objectReference: {fileID: 0}
    m_RemovedComponents: []
  m_SourcePrefab: {fileID: 100100000, guid: 2178485d4c522584aa93ff4f062b058e, type: 3}
--- !u!4 &5551035980558255010 stripped
Transform:
  m_CorrespondingSourceObject: {fileID: 482006, guid: 2178485d4c522584aa93ff4f062b058e,
    type: 3}
  m_PrefabInstance: {fileID: 5551035980557916532}
  m_PrefabAsset: {fileID: 0}
--- !u!1001 &6848664022646987231
PrefabInstance:
  m_ObjectHideFlags: 0
  serializedVersion: 2
  m_Modification:
    m_TransformParent: {fileID: 5551035980558255010}
    m_Modifications:
    - target: {fileID: 187594, guid: dcb161f5ca573ab41ac18a8b74630ef6, type: 3}
      propertyPath: m_Name
      value: SM_Prop_Plank_01 (4)
      objectReference: {fileID: 0}
    - target: {fileID: 477968, guid: dcb161f5ca573ab41ac18a8b74630ef6, type: 3}
      propertyPath: m_LocalPosition.x
      value: 0.212
      objectReference: {fileID: 0}
    - target: {fileID: 477968, guid: dcb161f5ca573ab41ac18a8b74630ef6, type: 3}
      propertyPath: m_LocalPosition.y
      value: -1.372
      objectReference: {fileID: 0}
    - target: {fileID: 477968, guid: dcb161f5ca573ab41ac18a8b74630ef6, type: 3}
      propertyPath: m_LocalPosition.z
      value: 0.066
      objectReference: {fileID: 0}
    - target: {fileID: 477968, guid: dcb161f5ca573ab41ac18a8b74630ef6, type: 3}
      propertyPath: m_LocalRotation.x
      value: -0
      objectReference: {fileID: 0}
    - target: {fileID: 477968, guid: dcb161f5ca573ab41ac18a8b74630ef6, type: 3}
      propertyPath: m_LocalRotation.y
      value: -0.101174444
      objectReference: {fileID: 0}
    - target: {fileID: 477968, guid: dcb161f5ca573ab41ac18a8b74630ef6, type: 3}
      propertyPath: m_LocalRotation.z
      value: -0
      objectReference: {fileID: 0}
    - target: {fileID: 477968, guid: dcb161f5ca573ab41ac18a8b74630ef6, type: 3}
      propertyPath: m_LocalRotation.w
      value: 0.99486876
      objectReference: {fileID: 0}
    - target: {fileID: 477968, guid: dcb161f5ca573ab41ac18a8b74630ef6, type: 3}
      propertyPath: m_RootOrder
      value: 3
      objectReference: {fileID: 0}
    - target: {fileID: 477968, guid: dcb161f5ca573ab41ac18a8b74630ef6, type: 3}
      propertyPath: m_LocalEulerAnglesHint.x
      value: 0
      objectReference: {fileID: 0}
    - target: {fileID: 477968, guid: dcb161f5ca573ab41ac18a8b74630ef6, type: 3}
      propertyPath: m_LocalEulerAnglesHint.y
      value: -11.614
      objectReference: {fileID: 0}
    - target: {fileID: 477968, guid: dcb161f5ca573ab41ac18a8b74630ef6, type: 3}
      propertyPath: m_LocalEulerAnglesHint.z
      value: 0
      objectReference: {fileID: 0}
    - target: {fileID: 477968, guid: dcb161f5ca573ab41ac18a8b74630ef6, type: 3}
      propertyPath: m_LocalScale.x
      value: 0.2
      objectReference: {fileID: 0}
    - target: {fileID: 477968, guid: dcb161f5ca573ab41ac18a8b74630ef6, type: 3}
      propertyPath: m_LocalScale.y
      value: 0.2
      objectReference: {fileID: 0}
    - target: {fileID: 477968, guid: dcb161f5ca573ab41ac18a8b74630ef6, type: 3}
      propertyPath: m_LocalScale.z
      value: 0.2
      objectReference: {fileID: 0}
    m_RemovedComponents: []
  m_SourcePrefab: {fileID: 100100000, guid: dcb161f5ca573ab41ac18a8b74630ef6, type: 3}
--- !u!1001 &6992335240535662829
PrefabInstance:
  m_ObjectHideFlags: 0
  serializedVersion: 2
  m_Modification:
    m_TransformParent: {fileID: 5551035980558255010}
    m_Modifications:
    - target: {fileID: 187594, guid: dcb161f5ca573ab41ac18a8b74630ef6, type: 3}
      propertyPath: m_Name
      value: SM_Prop_Plank_01 (2)
      objectReference: {fileID: 0}
    - target: {fileID: 477968, guid: dcb161f5ca573ab41ac18a8b74630ef6, type: 3}
      propertyPath: m_LocalPosition.x
      value: 0.212
      objectReference: {fileID: 0}
    - target: {fileID: 477968, guid: dcb161f5ca573ab41ac18a8b74630ef6, type: 3}
      propertyPath: m_LocalPosition.y
      value: -2.102
      objectReference: {fileID: 0}
    - target: {fileID: 477968, guid: dcb161f5ca573ab41ac18a8b74630ef6, type: 3}
      propertyPath: m_LocalPosition.z
      value: 0.066
      objectReference: {fileID: 0}
    - target: {fileID: 477968, guid: dcb161f5ca573ab41ac18a8b74630ef6, type: 3}
      propertyPath: m_LocalRotation.x
      value: -0
      objectReference: {fileID: 0}
    - target: {fileID: 477968, guid: dcb161f5ca573ab41ac18a8b74630ef6, type: 3}
      propertyPath: m_LocalRotation.y
      value: -0.101174444
      objectReference: {fileID: 0}
    - target: {fileID: 477968, guid: dcb161f5ca573ab41ac18a8b74630ef6, type: 3}
      propertyPath: m_LocalRotation.z
      value: -0
      objectReference: {fileID: 0}
    - target: {fileID: 477968, guid: dcb161f5ca573ab41ac18a8b74630ef6, type: 3}
      propertyPath: m_LocalRotation.w
      value: 0.99486876
      objectReference: {fileID: 0}
    - target: {fileID: 477968, guid: dcb161f5ca573ab41ac18a8b74630ef6, type: 3}
      propertyPath: m_RootOrder
      value: 1
      objectReference: {fileID: 0}
    - target: {fileID: 477968, guid: dcb161f5ca573ab41ac18a8b74630ef6, type: 3}
      propertyPath: m_LocalEulerAnglesHint.x
      value: 0
      objectReference: {fileID: 0}
    - target: {fileID: 477968, guid: dcb161f5ca573ab41ac18a8b74630ef6, type: 3}
      propertyPath: m_LocalEulerAnglesHint.y
      value: -11.614
      objectReference: {fileID: 0}
    - target: {fileID: 477968, guid: dcb161f5ca573ab41ac18a8b74630ef6, type: 3}
      propertyPath: m_LocalEulerAnglesHint.z
      value: 0
      objectReference: {fileID: 0}
    - target: {fileID: 477968, guid: dcb161f5ca573ab41ac18a8b74630ef6, type: 3}
      propertyPath: m_LocalScale.x
      value: 0.2
      objectReference: {fileID: 0}
    - target: {fileID: 477968, guid: dcb161f5ca573ab41ac18a8b74630ef6, type: 3}
      propertyPath: m_LocalScale.y
      value: 0.2
      objectReference: {fileID: 0}
    - target: {fileID: 477968, guid: dcb161f5ca573ab41ac18a8b74630ef6, type: 3}
      propertyPath: m_LocalScale.z
      value: 0.2
      objectReference: {fileID: 0}
    m_RemovedComponents: []
  m_SourcePrefab: {fileID: 100100000, guid: dcb161f5ca573ab41ac18a8b74630ef6, type: 3}
--- !u!1001 &8597114726826944800
PrefabInstance:
  m_ObjectHideFlags: 0
  serializedVersion: 2
  m_Modification:
    m_TransformParent: {fileID: 5551035980558255010}
    m_Modifications:
    - target: {fileID: 187594, guid: dcb161f5ca573ab41ac18a8b74630ef6, type: 3}
      propertyPath: m_Name
      value: SM_Prop_Plank_01 (5)
      objectReference: {fileID: 0}
    - target: {fileID: 477968, guid: dcb161f5ca573ab41ac18a8b74630ef6, type: 3}
      propertyPath: m_LocalPosition.x
      value: 0.212
      objectReference: {fileID: 0}
    - target: {fileID: 477968, guid: dcb161f5ca573ab41ac18a8b74630ef6, type: 3}
      propertyPath: m_LocalPosition.y
      value: -1.007
      objectReference: {fileID: 0}
    - target: {fileID: 477968, guid: dcb161f5ca573ab41ac18a8b74630ef6, type: 3}
      propertyPath: m_LocalPosition.z
      value: 0.066
      objectReference: {fileID: 0}
    - target: {fileID: 477968, guid: dcb161f5ca573ab41ac18a8b74630ef6, type: 3}
      propertyPath: m_LocalRotation.x
      value: -0
      objectReference: {fileID: 0}
    - target: {fileID: 477968, guid: dcb161f5ca573ab41ac18a8b74630ef6, type: 3}
      propertyPath: m_LocalRotation.y
      value: -0.101174444
      objectReference: {fileID: 0}
    - target: {fileID: 477968, guid: dcb161f5ca573ab41ac18a8b74630ef6, type: 3}
      propertyPath: m_LocalRotation.z
      value: -0
      objectReference: {fileID: 0}
    - target: {fileID: 477968, guid: dcb161f5ca573ab41ac18a8b74630ef6, type: 3}
      propertyPath: m_LocalRotation.w
      value: 0.99486876
      objectReference: {fileID: 0}
    - target: {fileID: 477968, guid: dcb161f5ca573ab41ac18a8b74630ef6, type: 3}
      propertyPath: m_RootOrder
      value: 4
      objectReference: {fileID: 0}
    - target: {fileID: 477968, guid: dcb161f5ca573ab41ac18a8b74630ef6, type: 3}
      propertyPath: m_LocalEulerAnglesHint.x
      value: 0
      objectReference: {fileID: 0}
    - target: {fileID: 477968, guid: dcb161f5ca573ab41ac18a8b74630ef6, type: 3}
      propertyPath: m_LocalEulerAnglesHint.y
      value: -11.614
      objectReference: {fileID: 0}
    - target: {fileID: 477968, guid: dcb161f5ca573ab41ac18a8b74630ef6, type: 3}
      propertyPath: m_LocalEulerAnglesHint.z
      value: 0
      objectReference: {fileID: 0}
    - target: {fileID: 477968, guid: dcb161f5ca573ab41ac18a8b74630ef6, type: 3}
      propertyPath: m_LocalScale.x
      value: 0.2
      objectReference: {fileID: 0}
    - target: {fileID: 477968, guid: dcb161f5ca573ab41ac18a8b74630ef6, type: 3}
      propertyPath: m_LocalScale.y
      value: 0.2
      objectReference: {fileID: 0}
    - target: {fileID: 477968, guid: dcb161f5ca573ab41ac18a8b74630ef6, type: 3}
      propertyPath: m_LocalScale.z
      value: 0.2
      objectReference: {fileID: 0}
    m_RemovedComponents: []
  m_SourcePrefab: {fileID: 100100000, guid: dcb161f5ca573ab41ac18a8b74630ef6, type: 3}
--- !u!1001 &8838089185842799112
PrefabInstance:
  m_ObjectHideFlags: 0
  serializedVersion: 2
  m_Modification:
    m_TransformParent: {fileID: 5551035980558255010}
    m_Modifications:
    - target: {fileID: 187594, guid: dcb161f5ca573ab41ac18a8b74630ef6, type: 3}
      propertyPath: m_Name
      value: SM_Prop_Plank_01 (1)
      objectReference: {fileID: 0}
    - target: {fileID: 477968, guid: dcb161f5ca573ab41ac18a8b74630ef6, type: 3}
      propertyPath: m_LocalPosition.x
      value: 0.212
      objectReference: {fileID: 0}
    - target: {fileID: 477968, guid: dcb161f5ca573ab41ac18a8b74630ef6, type: 3}
      propertyPath: m_LocalPosition.y
      value: -2.467
      objectReference: {fileID: 0}
    - target: {fileID: 477968, guid: dcb161f5ca573ab41ac18a8b74630ef6, type: 3}
      propertyPath: m_LocalPosition.z
      value: 0.066
      objectReference: {fileID: 0}
    - target: {fileID: 477968, guid: dcb161f5ca573ab41ac18a8b74630ef6, type: 3}
      propertyPath: m_LocalRotation.x
      value: -0
      objectReference: {fileID: 0}
    - target: {fileID: 477968, guid: dcb161f5ca573ab41ac18a8b74630ef6, type: 3}
      propertyPath: m_LocalRotation.y
      value: -0.101174444
      objectReference: {fileID: 0}
    - target: {fileID: 477968, guid: dcb161f5ca573ab41ac18a8b74630ef6, type: 3}
      propertyPath: m_LocalRotation.z
      value: -0
      objectReference: {fileID: 0}
    - target: {fileID: 477968, guid: dcb161f5ca573ab41ac18a8b74630ef6, type: 3}
      propertyPath: m_LocalRotation.w
      value: 0.99486876
      objectReference: {fileID: 0}
    - target: {fileID: 477968, guid: dcb161f5ca573ab41ac18a8b74630ef6, type: 3}
      propertyPath: m_RootOrder
      value: 0
      objectReference: {fileID: 0}
    - target: {fileID: 477968, guid: dcb161f5ca573ab41ac18a8b74630ef6, type: 3}
      propertyPath: m_LocalEulerAnglesHint.x
      value: 0
      objectReference: {fileID: 0}
    - target: {fileID: 477968, guid: dcb161f5ca573ab41ac18a8b74630ef6, type: 3}
      propertyPath: m_LocalEulerAnglesHint.y
      value: -11.614
      objectReference: {fileID: 0}
    - target: {fileID: 477968, guid: dcb161f5ca573ab41ac18a8b74630ef6, type: 3}
      propertyPath: m_LocalEulerAnglesHint.z
      value: 0
      objectReference: {fileID: 0}
    - target: {fileID: 477968, guid: dcb161f5ca573ab41ac18a8b74630ef6, type: 3}
      propertyPath: m_LocalScale.x
      value: 0.2
      objectReference: {fileID: 0}
    - target: {fileID: 477968, guid: dcb161f5ca573ab41ac18a8b74630ef6, type: 3}
      propertyPath: m_LocalScale.y
      value: 0.2
      objectReference: {fileID: 0}
    - target: {fileID: 477968, guid: dcb161f5ca573ab41ac18a8b74630ef6, type: 3}
      propertyPath: m_LocalScale.z
      value: 0.2
      objectReference: {fileID: 0}
    m_RemovedComponents: []
  m_SourcePrefab: {fileID: 100100000, guid: dcb161f5ca573ab41ac18a8b74630ef6, type: 3}
--- !u!1001 &8969797896343040591
PrefabInstance:
  m_ObjectHideFlags: 0
  serializedVersion: 2
  m_Modification:
    m_TransformParent: {fileID: 5551035980558255010}
    m_Modifications:
    - target: {fileID: 187594, guid: dcb161f5ca573ab41ac18a8b74630ef6, type: 3}
      propertyPath: m_Name
      value: SM_Prop_Plank_01 (7)
      objectReference: {fileID: 0}
    - target: {fileID: 477968, guid: dcb161f5ca573ab41ac18a8b74630ef6, type: 3}
      propertyPath: m_LocalPosition.x
      value: 0.212
      objectReference: {fileID: 0}
    - target: {fileID: 477968, guid: dcb161f5ca573ab41ac18a8b74630ef6, type: 3}
      propertyPath: m_LocalPosition.y
      value: -0.277
      objectReference: {fileID: 0}
    - target: {fileID: 477968, guid: dcb161f5ca573ab41ac18a8b74630ef6, type: 3}
      propertyPath: m_LocalPosition.z
      value: 0.066
      objectReference: {fileID: 0}
    - target: {fileID: 477968, guid: dcb161f5ca573ab41ac18a8b74630ef6, type: 3}
      propertyPath: m_LocalRotation.x
      value: -0
      objectReference: {fileID: 0}
    - target: {fileID: 477968, guid: dcb161f5ca573ab41ac18a8b74630ef6, type: 3}
      propertyPath: m_LocalRotation.y
      value: -0.101174444
      objectReference: {fileID: 0}
    - target: {fileID: 477968, guid: dcb161f5ca573ab41ac18a8b74630ef6, type: 3}
      propertyPath: m_LocalRotation.z
      value: -0
      objectReference: {fileID: 0}
    - target: {fileID: 477968, guid: dcb161f5ca573ab41ac18a8b74630ef6, type: 3}
      propertyPath: m_LocalRotation.w
      value: 0.99486876
      objectReference: {fileID: 0}
    - target: {fileID: 477968, guid: dcb161f5ca573ab41ac18a8b74630ef6, type: 3}
      propertyPath: m_RootOrder
      value: 6
      objectReference: {fileID: 0}
    - target: {fileID: 477968, guid: dcb161f5ca573ab41ac18a8b74630ef6, type: 3}
      propertyPath: m_LocalEulerAnglesHint.x
      value: 0
      objectReference: {fileID: 0}
    - target: {fileID: 477968, guid: dcb161f5ca573ab41ac18a8b74630ef6, type: 3}
      propertyPath: m_LocalEulerAnglesHint.y
      value: -11.614
      objectReference: {fileID: 0}
    - target: {fileID: 477968, guid: dcb161f5ca573ab41ac18a8b74630ef6, type: 3}
      propertyPath: m_LocalEulerAnglesHint.z
      value: 0
      objectReference: {fileID: 0}
    - target: {fileID: 477968, guid: dcb161f5ca573ab41ac18a8b74630ef6, type: 3}
      propertyPath: m_LocalScale.x
      value: 0.2
      objectReference: {fileID: 0}
    - target: {fileID: 477968, guid: dcb161f5ca573ab41ac18a8b74630ef6, type: 3}
      propertyPath: m_LocalScale.y
      value: 0.2
      objectReference: {fileID: 0}
    - target: {fileID: 477968, guid: dcb161f5ca573ab41ac18a8b74630ef6, type: 3}
      propertyPath: m_LocalScale.z
      value: 0.2
      objectReference: {fileID: 0}
    m_RemovedComponents: []
  m_SourcePrefab: {fileID: 100100000, guid: dcb161f5ca573ab41ac18a8b74630ef6, type: 3}
